{
  "leader": "02188cam a2200409 i 4500",
  "fields": [
    {
      "001": "ocm02142703\\"
    },
    {
      "003": "OCoLC"
    },
    {
      "005": "20220630111353.0"
    },
    {
      "008": "760427t19431943mnu\\\\\\\\\\\\\\\\\\\\\\000\\0\\eng\\c"
    },
    {
      "010": {
        "ind1": "\\",
        "ind2": "\\",
        "subfields": [
          {
            "a": "a  43003790 "
          }
        ]
      }
    },
    {
      "040": {
        "ind1": "\\",
        "ind2": "\\",
        "subfields": [
          {
            "a": "Minnesota. Univ. Libr."
          },
          {
            "b": "eng"
          },
          {
            "e": "rda"
          },
          {
            "c": "AKU"
          },
          {
            "d": "AKU"
          },
          {
            "d": "OCL"
          },
          {
            "d": "WAU"
          },
          {
            "d": "GBVCP"
          },
          {
            "d": "OCLCF"
          },
          {
            "d": "P4I"
          },
          {
            "d": "OCLCQ"
          },
          {
            "d": "OCLCO"
          },
          {
            "d": "YDXCP"
          },
          {
            "d": "CNUTO"
          },
          {
            "d": "TXI"
          },
          {
            "d": "OCLCA"
          },
          {
            "d": "OSU"
          },
          {
            "d": "OCLCO"
          },
          {
            "d": "OCLCQ"
          }
        ]
      }
    },
    {
      "019": {
        "ind1": "\\",
        "ind2": "\\",
        "subfields": [
          {
            "a": "977743572"
          }
        ]
      }
    },
    {
      "035": {
        "ind1": "\\",
        "ind2": "\\",
        "subfields": [
          {
            "a": "(OCoLC)2142703"
          },
          {
            "z": "(OCoLC)977743572"
          }
        ]
      }
    },
    {
      "043": {
        "ind1": "\\",
        "ind2": "\\",
        "subfields": [
          {
            "a": "n-us-mn"
          }
        ]
      }
    },
    {
      "050": {
        "ind1": "\\",
        "ind2": "4",
        "subfields": [
          {
            "a": "LD3350"
          },
          {
            "b": ".E3"
          }
        ]
      }
    },
    {
      "050": {
        "ind1": "\\",
        "ind2": "4",
        "subfields": [
          {
            "a": "LD3326.5"
          },
          {
            "b": ".E25 1943"
          }
        ]
      }
    },
    {
      "082": {
        "ind1": "0",
        "ind2": "4",
        "subfields": [
          {
            "a": "378"
          },
          {
            "b": "ECK"
          }
        ]
      }
    },
    {
      "100": {
        "ind1": "1",
        "ind2": "\\",
        "subfields": [
          {
            "a": "Eckert, Ruth E."
          },
          {
            "q": "(Ruth Elizabeth),"
          },
          {
            "d": "1905-1987,"
          },
          {
            "e": "author."
          }
        ]
      }
    },
    {
      "245": {
        "ind1": "1",
        "ind2": "0",
        "subfields": [
          {
            "a": "Outcomes of general education :"
          },
          {
            "b": "an appraisal of the General College program /"
          },
          {
            "c": "by Ruth E. Eckert."
          }
        ]
      }
    },
    {
      "264": {
        "ind1": "\\",
        "ind2": "1",
        "subfields": [
          {
            "a": "Minneapolis :"
          },
          {
            "b": "University of Minnesota Press,"
          },
          {
            "c": "[1943]"
          }
        ]
      }
    },
    {
      "264": {
        "ind1": "\\",
        "ind2": "4",
        "subfields": [
          {
            "c": "\u00a91943"
          }
        ]
      }
    },
    {
      "300": {
        "ind1": "\\",
        "ind2": "\\",
        "subfields": [
          {
            "a": "xiv, 210 pages :"
          },
          {
            "b": "diagrams ;"
          },
          {
            "c": "24 cm."
          }
        ]
      }
    },
    {
      "336": {
        "ind1": "\\",
        "ind2": "\\",
        "subfields": [
          {
            "a": "text"
          },
          {
            "b": "txt"
          },
          {
            "2": "rdacontent"
          }
        ]
      }
    },
    {
      "337": {
        "ind1": "\\",
        "ind2": "\\",
        "subfields": [
          {
            "a": "unmediated"
          },
          {
            "b": "n"
          },
          {
            "2": "rdamedia"
          }
        ]
      }
    },
    {
      "338": {
        "ind1": "\\",
        "ind2": "\\",
        "subfields": [
          {
            "a": "volume"
          },
          {
            "b": "nc"
          },
          {
            "2": "rdacarrier"
          }
        ]
      }
    },
    {
      "490": {
        "ind1": "1",
        "ind2": "\\",
        "subfields": [
          {
            "a": "University of Minnesota. Studies of general education"
          }
        ]
      }
    },
    {
      "505": {
        "ind1": "0",
        "ind2": "\\",
        "subfields": [
          {
            "a": "The General College at the University of Minnesota -- Evaluation in the General College -- Objectives of the General College -- Backgrounds, Interests, and Abilities of Students -- Progress in the General College -- Readiness for Continued Learning -- Orientation to Personal Living -- Preparation for Home and Family Living -- Vocational Readiness -- Socio-Civic Competence -- Students' Attitudes toward the General College Program -- Summary and Implications."
          }
        ]
      }
    },
    {
      "583": {
        "ind1": "\\",
        "ind2": "\\",
        "subfields": [
          {
            "a": "commitment to retain"
          },
          {
            "c": "20151208"
          },
          {
            "2": "pda"
          },
          {
            "5": "OTUTLD"
          }
        ]
      }
    },
    {
      "610": {
        "ind1": "2",
        "ind2": "0",
        "subfields": [
          {
            "a": "University of Minnesota."
          },
          {
            "b": "General College."
          }
        ]
      }
    },
    {
      "650": {
        "ind1": "\\",
        "ind2": "0",
        "subfields": [
          {
            "a": "Education"
          },
          {
            "x": "Aims and objectives."
          }
        ]
      }
    },
    {
      "610": {
        "ind1": "2",
        "ind2": "7",
        "subfields": [
          {
            "a": "University of Minnesota."
          },
          {
            "b": "General College."
          },
          {
            "2": "fast"
          },
          {
            "0": "(OCoLC)fst01659393"
          }
        ]
      }
    },
    {
      "650": {
        "ind1": "\\",
        "ind2": "7",
        "subfields": [
          {
            "a": "Education"
          },
          {
            "x": "Aims and objectives."
          },
          {
            "2": "fast"
          },
          {
            "0": "(OCoLC)fst00902507"
          }
        ]
      }
    },
    {
      "776": {
        "ind1": "0",
        "ind2": "8",
        "subfields": [
          {
            "i": "Online version:"
          },
          {
            "a": "Eckert, Ruth Elizabeth, 1905-"
          },
          {
            "t": "Outcomes of general education."
          },
          {
            "d": "Minneapolis, University of Minnesota press [1943]"
          },
          {
            "w": "(OCoLC)609767006"
          }
        ]
      }
    },
    {
      "830": {
        "ind1": "\\",
        "ind2": "0",
        "subfields": [
          {
            "a": "University of Minnesota studies of general education."
          }
        ]
      }
    },
    {
      "994": {
        "ind1": "\\",
        "ind2": "\\",
        "subfields": [
          {
            "a": "Z0"
          },
          {
            "b": "NYRVC"
          }
        ]
      }
    },
    {
      "948": {
        "ind1": "\\",
        "ind2": "\\",
        "subfields": [
          {
            "h": "NO HOLDINGS IN NYRVC - 218 OTHER HOLDINGS"
          }
        ]
      }
    },
    {
      "999": {
        "ind1": "\\",
        "ind2": "\\",
        "subfields": [
          {
            "a": "00000000019638"
          }
        ]
      }
    }
  ]
}